% Encoding: UTF-8

@Book{cerletti2008,
  author = "Cerletti",
  title  = "La bastardilla es nuestra",
  year   = "2008",
   language = "spanish",
}
@Book{pineau1999,
  author = "Pineau",
  title  = "Premisas básicas de la escolarización como construcción moderna que construyó a la modernidad",
  year   = "1999",
  anguage = "spanish",
}
@Book{beck2006,
  author = "Beck",
  title  = " La sociedad del riesgo global",
  year   = "2006",
  anguage = "spanish",
}
@Book{butler2006,
  author = "Butler",
  title  = "Deshacer el Género",
  year   = "2006",
  anguage = "spanish",
}

@Book{baqueroyterigi1996,
  author = "Baquero R.,Terigi, F",
  title  = "En búsqueda de una unidad de análisis del aprendizaje escolar",
  year   = "1996",
  anguage = "spanish",
}


